<record><leader>00000cas a22000007a 4500</leader><controlfield tag="001">11798455</controlfield><controlfield tag="008">850313d18731940mnuwr ne      0    0eng d</controlfield><datafield ind1=" " ind2=" " tag="010"><subfield code="a">sn 85025570 </subfield></datafield><datafield ind1=" " ind2=" " tag="040"><subfield code="a">NPX</subfield><subfield code="b">eng</subfield><subfield code="c">NPX</subfield><subfield code="d">MN#</subfield><subfield code="d">MGN</subfield><subfield code="d">OCLCQ</subfield><subfield code="d">OCLCF</subfield><subfield code="d">OCLCO</subfield></datafield><datafield ind1="1" ind2=" " tag="029"><subfield code="a">AU@</subfield><subfield code="b">000020352255</subfield></datafield><datafield ind1=" " ind2=" " tag="042"><subfield code="a">msc</subfield></datafield><datafield ind1=" " ind2=" " tag="043"><subfield code="a">n-us-mn</subfield></datafield><datafield ind1=" " ind2=" " tag="052"><subfield code="a">4144</subfield><subfield code="b">R44</subfield></datafield><datafield ind1=" " ind2=" " tag="052"><subfield code="a">4143</subfield><subfield code="b">R4</subfield></datafield><datafield ind1="0" ind2=" " tag="130"><subfield code="a">Redwood gazette (Redwood Falls, Minn. : 1873)</subfield></datafield><datafield ind1="1" ind2="4" tag="245"><subfield code="a">The Redwood gazette.</subfield></datafield><datafield ind1=" " ind2=" " tag="260"><subfield code="a">Redwood Falls, Minn. :</subfield><subfield code="b">Herriot &amp; Beal,</subfield><subfield code="c">1873-1940.</subfield></datafield><datafield ind1=" " ind2=" " tag="300"><subfield code="a">v.</subfield></datafield><datafield ind1=" " ind2=" " tag="310"><subfield code="a">Weekly</subfield></datafield><datafield ind1="0" ind2=" " tag="362"><subfield code="a">Vol. 4, no. 31 (May 1, 1873)-71st year, no. 45 (May 2, 1940).</subfield></datafield><datafield ind1=" " ind2=" " tag="530"><subfield code="a">Available on microfilm from the Minnesota Historical Society.</subfield></datafield><datafield ind1=" " ind2="0" tag="651"><subfield code="a">Redwood Falls (Minn.)</subfield><subfield code="v">Newspapers.</subfield></datafield><datafield ind1=" " ind2="7" tag="655"><subfield code="a">Newspapers.</subfield><subfield code="2">fast</subfield><subfield code="0">(OCoLC)fst01423814</subfield></datafield><datafield ind1=" " ind2="7" tag="651"><subfield code="a">Minnesota</subfield><subfield code="z">Redwood Falls.</subfield><subfield code="2">fast</subfield><subfield code="0">(OCoLC)fst01227783</subfield></datafield><datafield ind1=" " ind2=" " tag="752"><subfield code="a">United States</subfield><subfield code="b">Minnesota</subfield><subfield code="c">Redwood</subfield><subfield code="d">Redwood Falls.</subfield></datafield><datafield ind1="0" ind2=" " tag="775"><subfield code="t">Daily gazette (Redwood Falls, Minn.)</subfield></datafield><datafield ind1="0" ind2="0" tag="780"><subfield code="t">Redwood Falls mail</subfield><subfield code="w">(DLC)sn 85032522</subfield></datafield><datafield ind1="0" ind2="7" tag="785"><subfield code="t">Redwood County sun</subfield><subfield code="w">(DLC)sn 89064840</subfield></datafield><datafield ind1="0" ind2="7" tag="785"><subfield code="t">Redwood gazette and the Redwood County sun</subfield><subfield code="w">(DLC)sn 89064842</subfield></datafield></record>